<record xmlns="http://www.loc.gov/MARC21/slim" xmlns:xsi="http://www.w3.org/2001/XMLSchema-instance" xsi:schemaLocation="http://www.loc.gov/MARC21/slim http://www.loc.gov/standards/marcxml/schema/MARC21slim.xsd"><leader>     nam a22        4500</leader><controlfield tag="001">3071669</controlfield><controlfield tag="003">NNC</controlfield><controlfield tag="006">m        d        </controlfield><controlfield tag="007">cr cn |||m|||a</controlfield><controlfield tag="008">150601s1948    sy h    ob    000 0 arao </controlfield><datafield ind1=" " ind2=" " tag="040"><subfield code="a">NNU</subfield><subfield code="b">eng</subfield><subfield code="e">rda</subfield><subfield code="c">NNU</subfield></datafield><datafield ind1=" " ind2="4" tag="050"><subfield code="a">BP189</subfield><subfield code="b">.A48</subfield></datafield><datafield ind1="0" ind2=" " tag="100"><subfield code="6">880-01</subfield><subfield code="a">&#699;A&#772;mir ibn &#699;A&#772;mir al-Bas&#803;ri&#772;.</subfield></datafield><datafield ind1="1" ind2="0" tag="245"><subfield code="6">880-02</subfield><subfield code="a">Ta&#700;i&#772;yat &#699;A&#772;mir ibn &#699;A&#772;mir al Bas&#803;ri&#772; /</subfield><subfield code="c">&#699;uniya bi-nashriha&#772; wa-sharh&#803;iha&#772; wa-ta&#699;li&#772;q h&#803;awa&#772;shi&#772;ha&#772; al-shaykh &#699;Abd al-Qa&#772;dir al-Maghribi&#772;.</subfield></datafield><datafield ind1=" " ind2=" " tag="260"><subfield code="6">880-03</subfield><subfield code="a">Dimashq :</subfield><subfield code="b">[publisher not identified],</subfield><subfield code="c">1948.</subfield></datafield><datafield ind1=" " ind2=" " tag="300"><subfield code="a">online resource (4, 103 pages) :</subfield><subfield code="b">facsimiles</subfield></datafield><datafield ind1=" " ind2=" " tag="336"><subfield code="a">text</subfield><subfield code="2">rdacontent</subfield></datafield><datafield ind1=" " ind2=" " tag="337"><subfield code="a">computer</subfield><subfield code="2">rdamedia</subfield></datafield><datafield ind1=" " ind2=" " tag="338"><subfield code="a">online resource</subfield><subfield code="2">rdacarrier</subfield></datafield><datafield ind1=" " ind2=" " tag="500"><subfield code="a">At head of title: al-Ma&#699;had al-Faransi&#772; bi-Dimashq lil-Dira&#772;sa&#772;t al-&#699;Arabi&#772;yah.</subfield></datafield><datafield ind1=" " ind2=" " tag="500"><subfield code="a">Avant-propos in French and Arabic.</subfield></datafield><datafield ind1=" " ind2=" " tag="500"><subfield code="a">Part of the Arabic Collections Online (ACO) project, contributed by Columbia University Libraries.</subfield></datafield><datafield ind1=" " ind2=" " tag="504"><subfield code="a">Includes bibliographical references (page 101).</subfield></datafield><datafield ind1=" " ind2=" " tag="533"><subfield code="a">Electronic reproduction.</subfield><subfield code="b">New York, N.Y. :</subfield><subfield code="c">New York University,</subfield><subfield code="d">2015.</subfield><subfield code="5">NNU</subfield></datafield><datafield ind1=" " ind2="0" tag="650"><subfield code="a">Mysticism</subfield><subfield code="x">Islam.</subfield></datafield><datafield ind1=" " ind2="7" tag="650"><subfield code="a">Mysticism</subfield><subfield code="x">Islam.</subfield><subfield code="2">fast</subfield><subfield code="0">(OCoLC)fst01031643</subfield></datafield><datafield ind1="2" ind2=" " tag="710"><subfield code="a">Columbia University.</subfield><subfield code="b">Libraries.</subfield></datafield><datafield ind1="0" ind2=" " tag="730"><subfield code="a">Arabic Collections Online.</subfield></datafield><datafield ind1="0" ind2="8" tag="776"><subfield code="i">Online version:</subfield><subfield code="a">&#699;A&#772;mir ibn &#699;A&#772;mir al-Bas&#803;ri&#772;.</subfield><subfield code="t">Ta&#700;i&#772;yat &#699;A&#772;mir ibn &#699;A&#772;mir al Bas&#803;ri&#772;.</subfield><subfield code="d">Dimashq : s.n., 1948</subfield><subfield code="w">(OCoLC)610187925</subfield></datafield><datafield ind1="0" ind2="8" tag="776"><subfield code="i">Print version:</subfield><subfield code="a">&#699;A&#772;mir ibn &#699;A&#772;mir al-Bas&#803;ri&#772;.</subfield><subfield code="t">Ta&#700;i&#772;yat &#699;A&#772;mir ibn &#699;A&#772;mir al Bas&#803;ri&#772;</subfield><subfield code="w">(NNC)3071669</subfield><subfield code="w">(DLC)ne 65000285 </subfield><subfield code="w">(OCoLC)23485900</subfield></datafield><datafield ind1="4" ind2="0" tag="856"><subfield code="u">http://hdl.handle.net/2333.1/ht76hh6v</subfield></datafield><datafield ind1="0" ind2=" " tag="880"><subfield code="6">100-01/r</subfield><subfield code="a">&#1593;&#1575;&#1605;&#1585; &#1576;&#1606; &#1593;&#1575;&#1605;&#1585; &#1575;&#1604;&#1576;&#1589;&#1585;&#1610;.</subfield></datafield><datafield ind1="1" ind2="0" tag="880"><subfield code="6">245-02/r</subfield><subfield code="a">&#1578;&#1575;&#1574;&#1610;&#1577; &#1593;&#1575;&#1605;&#1585; &#1576;&#1606; &#1593;&#1575;&#1605;&#1585; &#1575;&#1604;&#1576;&#1589;&#1585;&#1610;/</subfield><subfield code="c">&#1593;&#1606;&#1610; &#1576;&#1606;&#1588;&#1585;&#1607;&#1575; &#1608;&#1588;&#1585;&#1581;&#1607;&#1575; &#1608;&#1578;&#1593;&#1604;&#1610;&#1602; &#1581;&#1608;&#1575;&#1588;&#1610;&#1607;&#1575; &#1593;&#1576;&#1583; &#1575;&#1604;&#1602;&#1575;&#1583;&#1585; &#1575;&#1604;&#1605;&#1594;&#1585;&#1576;&#1610;.</subfield></datafield><datafield ind1=" " ind2=" " tag="880"><subfield code="6">260-03/r</subfield><subfield code="a">&#1583;&#1605;&#1588;&#1602; :</subfield><subfield code="b">[publisher not identified],</subfield><subfield code="c">&#1633;&#1641;&#1636;&#1640;</subfield></datafield><datafield ind1="1" ind2=" " tag="880"><subfield code="6">700-00/r</subfield><subfield code="a">&#1605;&#1594;&#1585;&#1576;&#1610;&#1548; &#1593;&#1576;&#1583; &#1575;&#1604;&#1602;&#1575;&#1583;&#1585;.</subfield></datafield><datafield ind1=" " ind2=" " tag="959"><subfield code="a">NNU</subfield><subfield code="b">WEB</subfield><subfield code="c">GENI</subfield><subfield code="t">0</subfield><subfield code="m">Electronic access</subfield><subfield code="s">01</subfield></datafield><datafield ind1=" " ind2=" " tag="999"><subfield code="i">NNC_3071669</subfield><subfield code="o">(OCoLC)ocm23485900</subfield><subfield code="s">columbia_aco000432</subfield><subfield code="e">(ERROR-880)</subfield><subfield code="s">columbia_aco000432</subfield></datafield></record>